{
  "url": "https://www.screener.in/company/TCS/consolidated/",
  "extraction_timestamp": "2025-06-09 23:12:58",
  "metadata": {
    "company_name": "Tata Consultancy Services Ltd",
    "current_metrics": {
      "pe_ratio": 25.5,
      "dividend_yield": 1.75,
      "roce": 64.6,
      "roe": 52.4
    }
  },
  "quarterly_results": [
    {
      "period": "q4_2022",
      "sales": 50591.0,
      "expenses": 36746.0,
      "operating_profit": 13845.0,
      "operating_profit_margin_percent": 27.0,
      "other_income": 981.0,
      "interest": 245.0,
      "depreciation": 1217.0,
      "profit_before_tax": 13364.0,
      "tax_percent": 25.0,
      "net_profit": 9959.0,
      "eps": 27.13,
      "raw_pdf": null
    },
    {
      "period": "q1_2022",
      "sales": 52758.0,
      "expenses": 39342.0,
      "operating_profit": 13416.0,
      "operating_profit_margin_percent": 25.0,
      "other_income": 789.0,
      "interest": 199.0,
      "depreciation": 1230.0,
      "profit_before_tax": 12776.0,
      "tax_percent": 25.0,
      "net_profit": 9519.0,
      "eps": 25.9,
      "raw_pdf": null
    },
    {
      "period": "q2_2022",
      "sales": 55309.0,
      "expenses": 40793.0,
      "operating_profit": 14516.0,
      "operating_profit_margin_percent": 26.0,
      "other_income": 965.0,
      "interest": 148.0,
      "depreciation": 1237.0,
      "profit_before_tax": 14096.0,
      "tax_percent": 26.0,
      "net_profit": 10465.0,
      "eps": 28.51,
      "raw_pdf": null
    },
    {
      "period": "q3_2022",
      "sales": 58229.0,
      "expenses": 42676.0,
      "operating_profit": 15553.0,
      "operating_profit_margin_percent": 27.0,
      "other_income": 520.0,
      "interest": 160.0,
      "depreciation": 1269.0,
      "profit_before_tax": 14644.0,
      "tax_percent": 26.0,
      "net_profit": 10883.0,
      "eps": 29.64,
      "raw_pdf": null
    },
    {
      "period": "q4_2023",
      "sales": 59162.0,
      "expenses": 43388.0,
      "operating_profit": 15774.0,
      "operating_profit_margin_percent": 27.0,
      "other_income": 1175.0,
      "interest": 272.0,
      "depreciation": 1286.0,
      "profit_before_tax": 15391.0,
      "tax_percent": 26.0,
      "net_profit": 11436.0,
      "eps": 31.13,
      "raw_pdf": null
    },
    {
      "period": "q1_2023",
      "sales": 59381.0,
      "expenses": 44383.0,
      "operating_profit": 14998.0,
      "operating_profit_margin_percent": 25.0,
      "other_income": 1397.0,
      "interest": 163.0,
      "depreciation": 1243.0,
      "profit_before_tax": 14989.0,
      "tax_percent": 26.0,
      "net_profit": 11120.0,
      "eps": 30.26,
      "raw_pdf": null
    },
    {
      "period": "q2_2023",
      "sales": 59692.0,
      "expenses": 43946.0,
      "operating_profit": 15746.0,
      "operating_profit_margin_percent": 26.0,
      "other_income": 1006.0,
      "interest": 159.0,
      "depreciation": 1263.0,
      "profit_before_tax": 15330.0,
      "tax_percent": 26.0,
      "net_profit": 11380.0,
      "eps": 31.0,
      "raw_pdf": null
    },
    {
      "period": "q3_2023",
      "sales": 60583.0,
      "expenses": 44195.0,
      "operating_profit": 16388.0,
      "operating_profit_margin_percent": 27.0,
      "other_income": -96.0,
      "interest": 230.0,
      "depreciation": 1233.0,
      "profit_before_tax": 14829.0,
      "tax_percent": 25.0,
      "net_profit": 11097.0,
      "eps": 30.56,
      "raw_pdf": null
    },
    {
      "period": "q4_2024",
      "sales": 61237.0,
      "expenses": 44073.0,
      "operating_profit": 17164.0,
      "operating_profit_margin_percent": 28.0,
      "other_income": 1157.0,
      "interest": 226.0,
      "depreciation": 1246.0,
      "profit_before_tax": 16849.0,
      "tax_percent": 26.0,
      "net_profit": 12502.0,
      "eps": 34.37,
      "raw_pdf": null
    },
    {
      "period": "q1_2024",
      "sales": 62613.0,
      "expenses": 45951.0,
      "operating_profit": 16662.0,
      "operating_profit_margin_percent": 27.0,
      "other_income": 962.0,
      "interest": 173.0,
      "depreciation": 1220.0,
      "profit_before_tax": 16231.0,
      "tax_percent": 25.0,
      "net_profit": 12105.0,
      "eps": 33.28,
      "raw_pdf": null
    },
    {
      "period": "q2_2024",
      "sales": 64259.0,
      "expenses": 47528.0,
      "operating_profit": 16731.0,
      "operating_profit_margin_percent": 26.0,
      "other_income": 729.0,
      "interest": 162.0,
      "depreciation": 1266.0,
      "profit_before_tax": 16032.0,
      "tax_percent": 25.0,
      "net_profit": 11955.0,
      "eps": 32.92,
      "raw_pdf": null
    },
    {
      "period": "q3_2024",
      "sales": 63973.0,
      "expenses": 46939.0,
      "operating_profit": 17034.0,
      "operating_profit_margin_percent": 27.0,
      "other_income": 1243.0,
      "interest": 234.0,
      "depreciation": 1377.0,
      "profit_before_tax": 16666.0,
      "tax_percent": 25.0,
      "net_profit": 12444.0,
      "eps": 34.22,
      "raw_pdf": null
    },
    {
      "period": "q4_2025",
      "sales": 64479.0,
      "expenses": 47499.0,
      "operating_profit": 16980.0,
      "operating_profit_margin_percent": 26.0,
      "other_income": 1028.0,
      "interest": 227.0,
      "depreciation": 1379.0,
      "profit_before_tax": 16402.0,
      "tax_percent": 25.0,
      "net_profit": 12293.0,
      "eps": 33.79,
      "raw_pdf": null
    }
  ],
  "profit_and_loss": [
    {
      "period": "q4_2014",
      "sales": 81809.0,
      "expenses": 56657.0,
      "operating_profit": 25153.0,
      "operating_profit_margin_percent": 31.0,
      "other_income": 1637.0,
      "interest": 39.0,
      "depreciation": 1349.0,
      "profit_before_tax": 25402.0,
      "tax_percent": 24.0,
      "net_profit": 19332.0,
      "eps": 48.92,
      "dividend_payout_percent": 33.0
    },
    {
      "period": "q4_2015",
      "sales": 94648.0,
      "expenses": 70167.0,
      "operating_profit": 24482.0,
      "operating_profit_margin_percent": 26.0,
      "other_income": 3720.0,
      "interest": 104.0,
      "depreciation": 1799.0,
      "profit_before_tax": 26298.0,
      "tax_percent": 24.0,
      "net_profit": 20060.0,
      "eps": 50.68,
      "dividend_payout_percent": 78.0
    },
    {
      "period": "q4_2016",
      "sales": 108646.0,
      "expenses": 77969.0,
      "operating_profit": 30677.0,
      "operating_profit_margin_percent": 28.0,
      "other_income": 3084.0,
      "interest": 33.0,
      "depreciation": 1888.0,
      "profit_before_tax": 31840.0,
      "tax_percent": 24.0,
      "net_profit": 24338.0,
      "eps": 61.58,
      "dividend_payout_percent": 35.0
    },
    {
      "period": "q4_2017",
      "sales": 117966.0,
      "expenses": 85655.0,
      "operating_profit": 32311.0,
      "operating_profit_margin_percent": 27.0,
      "other_income": 4221.0,
      "interest": 32.0,
      "depreciation": 1987.0,
      "profit_before_tax": 34513.0,
      "tax_percent": 24.0,
      "net_profit": 26357.0,
      "eps": 66.71,
      "dividend_payout_percent": 35.0
    },
    {
      "period": "q4_2018",
      "sales": 123104.0,
      "expenses": 90588.0,
      "operating_profit": 32516.0,
      "operating_profit_margin_percent": 26.0,
      "other_income": 3642.0,
      "interest": 52.0,
      "depreciation": 2014.0,
      "profit_before_tax": 34092.0,
      "tax_percent": 24.0,
      "net_profit": 25880.0,
      "eps": 67.46,
      "dividend_payout_percent": 37.0
    },
    {
      "period": "q4_2019",
      "sales": 146463.0,
      "expenses": 106957.0,
      "operating_profit": 39506.0,
      "operating_profit_margin_percent": 27.0,
      "other_income": 4311.0,
      "interest": 198.0,
      "depreciation": 2056.0,
      "profit_before_tax": 41563.0,
      "tax_percent": 24.0,
      "net_profit": 31562.0,
      "eps": 83.87,
      "dividend_payout_percent": 36.0
    },
    {
      "period": "q4_2020",
      "sales": 156949.0,
      "expenses": 114840.0,
      "operating_profit": 42109.0,
      "operating_profit_margin_percent": 27.0,
      "other_income": 4592.0,
      "interest": 924.0,
      "depreciation": 3529.0,
      "profit_before_tax": 42248.0,
      "tax_percent": 23.0,
      "net_profit": 32447.0,
      "eps": 86.19,
      "dividend_payout_percent": 85.0
    },
    {
      "period": "q4_2021",
      "sales": 164177.0,
      "expenses": 117631.0,
      "operating_profit": 46546.0,
      "operating_profit_margin_percent": 28.0,
      "other_income": 1916.0,
      "interest": 637.0,
      "depreciation": 4065.0,
      "profit_before_tax": 43760.0,
      "tax_percent": 26.0,
      "net_profit": 32562.0,
      "eps": 87.67,
      "dividend_payout_percent": 43.0
    },
    {
      "period": "q4_2022",
      "sales": 191754.0,
      "expenses": 138697.0,
      "operating_profit": 53057.0,
      "operating_profit_margin_percent": 28.0,
      "other_income": 4018.0,
      "interest": 784.0,
      "depreciation": 4604.0,
      "profit_before_tax": 51687.0,
      "tax_percent": 26.0,
      "net_profit": 38449.0,
      "eps": 104.75,
      "dividend_payout_percent": 41.0
    },
    {
      "period": "q4_2023",
      "sales": 225458.0,
      "expenses": 166199.0,
      "operating_profit": 59259.0,
      "operating_profit_margin_percent": 26.0,
      "other_income": 3449.0,
      "interest": 779.0,
      "depreciation": 5022.0,
      "profit_before_tax": 56907.0,
      "tax_percent": 26.0,
      "net_profit": 42303.0,
      "eps": 115.19,
      "dividend_payout_percent": 100.0
    },
    {
      "period": "q4_2024",
      "sales": 240893.0,
      "expenses": 176597.0,
      "operating_profit": 64296.0,
      "operating_profit_margin_percent": 27.0,
      "other_income": 3464.0,
      "interest": 778.0,
      "depreciation": 4985.0,
      "profit_before_tax": 61997.0,
      "tax_percent": 26.0,
      "net_profit": 46099.0,
      "eps": 126.88,
      "dividend_payout_percent": 58.0
    },
    {
      "period": "q4_2025",
      "sales": 255324.0,
      "expenses": 187917.0,
      "operating_profit": 67407.0,
      "operating_profit_margin_percent": 26.0,
      "other_income": 3962.0,
      "interest": 796.0,
      "depreciation": 5242.0,
      "profit_before_tax": 65331.0,
      "tax_percent": 25.0,
      "net_profit": 48797.0,
      "eps": 134.2,
      "dividend_payout_percent": 92.0
    }
  ],
  "balance_sheet": [
    {
      "period": "q4_2014",
      "equity_capital": 196.0,
      "reserves": 48999.0,
      "borrowings": 297.0,
      "other_liabilities": 17337.0,
      "total_liabilities": 66829.0,
      "fixed_assets": 9544.0,
      "capital_work_in_progress": 3168.0,
      "investments": 3434.0,
      "other_assets": 50682.0,
      "total_assets": 66829.0
    },
    {
      "period": "q4_2015",
      "equity_capital": 196.0,
      "reserves": 50439.0,
      "borrowings": 358.0,
      "other_liabilities": 22325.0,
      "total_liabilities": 73318.0,
      "fixed_assets": 11638.0,
      "capital_work_in_progress": 2766.0,
      "investments": 1662.0,
      "other_assets": 57252.0,
      "total_assets": 73318.0
    },
    {
      "period": "q4_2016",
      "equity_capital": 197.0,
      "reserves": 70875.0,
      "borrowings": 245.0,
      "other_liabilities": 16974.0,
      "total_liabilities": 88291.0,
      "fixed_assets": 11774.0,
      "capital_work_in_progress": 1670.0,
      "investments": 22822.0,
      "other_assets": 52025.0,
      "total_assets": 88291.0
    },
    {
      "period": "q4_2017",
      "equity_capital": 197.0,
      "reserves": 86017.0,
      "borrowings": 289.0,
      "other_liabilities": 15830.0,
      "total_liabilities": 102333.0,
      "fixed_assets": 11701.0,
      "capital_work_in_progress": 1541.0,
      "investments": 41980.0,
      "other_assets": 47111.0,
      "total_assets": 102333.0
    },
    {
      "period": "q4_2018",
      "equity_capital": 191.0,
      "reserves": 84937.0,
      "borrowings": 247.0,
      "other_liabilities": 19751.0,
      "total_liabilities": 105126.0,
      "fixed_assets": 11973.0,
      "capital_work_in_progress": 1278.0,
      "investments": 36008.0,
      "other_assets": 55867.0,
      "total_assets": 105126.0
    },
    {
      "period": "q4_2019",
      "equity_capital": 375.0,
      "reserves": 89071.0,
      "borrowings": 62.0,
      "other_liabilities": 24393.0,
      "total_liabilities": 113901.0,
      "fixed_assets": 12290.0,
      "capital_work_in_progress": 963.0,
      "investments": 29330.0,
      "other_assets": 71318.0,
      "total_assets": 113901.0
    },
    {
      "period": "q4_2020",
      "equity_capital": 375.0,
      "reserves": 83751.0,
      "borrowings": 8174.0,
      "other_liabilities": 27827.0,
      "total_liabilities": 120127.0,
      "fixed_assets": 20928.0,
      "capital_work_in_progress": 906.0,
      "investments": 26356.0,
      "other_assets": 71937.0,
      "total_assets": 120127.0
    },
    {
      "period": "q4_2021",
      "equity_capital": 370.0,
      "reserves": 86063.0,
      "borrowings": 7795.0,
      "other_liabilities": 35764.0,
      "total_liabilities": 129992.0,
      "fixed_assets": 21021.0,
      "capital_work_in_progress": 926.0,
      "investments": 29373.0,
      "other_assets": 78672.0,
      "total_assets": 129992.0
    },
    {
      "period": "q4_2022",
      "equity_capital": 366.0,
      "reserves": 88773.0,
      "borrowings": 7818.0,
      "other_liabilities": 43967.0,
      "total_liabilities": 140924.0,
      "fixed_assets": 21298.0,
      "capital_work_in_progress": 1205.0,
      "investments": 30485.0,
      "other_assets": 87936.0,
      "total_assets": 140924.0
    },
    {
      "period": "q4_2023",
      "equity_capital": 366.0,
      "reserves": 90058.0,
      "borrowings": 7688.0,
      "other_liabilities": 44747.0,
      "total_liabilities": 142859.0,
      "fixed_assets": 20515.0,
      "capital_work_in_progress": 1234.0,
      "investments": 37163.0,
      "other_assets": 83947.0,
      "total_assets": 142859.0
    },
    {
      "period": "q4_2024",
      "equity_capital": 362.0,
      "reserves": 90127.0,
      "borrowings": 8021.0,
      "other_liabilities": 46962.0,
      "total_liabilities": 145472.0,
      "fixed_assets": 19604.0,
      "capital_work_in_progress": 1564.0,
      "investments": 31762.0,
      "other_assets": 92542.0,
      "total_assets": 145472.0
    },
    {
      "period": "q4_2025",
      "equity_capital": 362.0,
      "reserves": 94394.0,
      "borrowings": 9392.0,
      "other_liabilities": 54501.0,
      "total_liabilities": 158649.0,
      "fixed_assets": 23053.0,
      "capital_work_in_progress": 1546.0,
      "investments": 30964.0,
      "other_assets": 103086.0,
      "total_assets": 158649.0
    }
  ],
  "cash_flows": [
    {
      "period": "q4_2014",
      "cash_from_operating_activity": 14751.0,
      "cash_from_investing_activity": -9452.0,
      "cash_from_financing_activity": -5673.0,
      "net_cash_flow": -374.0
    },
    {
      "period": "q4_2015",
      "cash_from_operating_activity": 19369.0,
      "cash_from_investing_activity": -1807.0,
      "cash_from_financing_activity": -17168.0,
      "net_cash_flow": 394.0
    },
    {
      "period": "q4_2016",
      "cash_from_operating_activity": 19109.0,
      "cash_from_investing_activity": -5010.0,
      "cash_from_financing_activity": -9666.0,
      "net_cash_flow": 4433.0
    },
    {
      "period": "q4_2017",
      "cash_from_operating_activity": 25223.0,
      "cash_from_investing_activity": -16895.0,
      "cash_from_financing_activity": -11026.0,
      "net_cash_flow": -2698.0
    },
    {
      "period": "q4_2018",
      "cash_from_operating_activity": 25067.0,
      "cash_from_investing_activity": 3104.0,
      "cash_from_financing_activity": -26885.0,
      "net_cash_flow": 1286.0
    },
    {
      "period": "q4_2019",
      "cash_from_operating_activity": 28593.0,
      "cash_from_investing_activity": 1645.0,
      "cash_from_financing_activity": -27897.0,
      "net_cash_flow": 2341.0
    },
    {
      "period": "q4_2020",
      "cash_from_operating_activity": 32369.0,
      "cash_from_investing_activity": 8968.0,
      "cash_from_financing_activity": -39915.0,
      "net_cash_flow": 1422.0
    },
    {
      "period": "q4_2021",
      "cash_from_operating_activity": 38802.0,
      "cash_from_investing_activity": -7956.0,
      "cash_from_financing_activity": -32634.0,
      "net_cash_flow": -1788.0
    },
    {
      "period": "q4_2022",
      "cash_from_operating_activity": 39949.0,
      "cash_from_investing_activity": -738.0,
      "cash_from_financing_activity": -33581.0,
      "net_cash_flow": 5630.0
    },
    {
      "period": "q4_2023",
      "cash_from_operating_activity": 41965.0,
      "cash_from_investing_activity": 548.0,
      "cash_from_financing_activity": -47878.0,
      "net_cash_flow": -5365.0
    },
    {
      "period": "q4_2024",
      "cash_from_operating_activity": 44338.0,
      "cash_from_investing_activity": 6091.0,
      "cash_from_financing_activity": -48536.0,
      "net_cash_flow": 1893.0
    },
    {
      "period": "q4_2025",
      "cash_from_operating_activity": 48908.0,
      "cash_from_investing_activity": -2144.0,
      "cash_from_financing_activity": -47438.0,
      "net_cash_flow": -674.0
    }
  ],
  "ratios": [
    {
      "period": "q4_2014",
      "debtor_days": 81.0,
      "inventory_days": null,
      "days_payable": null,
      "cash_conversion_cycle": 81.0,
      "working_capital_days": 52.0,
      "roce_percent": 56.0
    },
    {
      "period": "q4_2015",
      "debtor_days": 79.0,
      "inventory_days": null,
      "days_payable": null,
      "cash_conversion_cycle": 79.0,
      "working_capital_days": 33.0,
      "roce_percent": 50.0
    },
    {
      "period": "q4_2016",
      "debtor_days": 81.0,
      "inventory_days": null,
      "days_payable": null,
      "cash_conversion_cycle": 81.0,
      "working_capital_days": 62.0,
      "roce_percent": 51.0
    },
    {
      "period": "q4_2017",
      "debtor_days": 70.0,
      "inventory_days": null,
      "days_payable": null,
      "cash_conversion_cycle": 70.0,
      "working_capital_days": 63.0,
      "roce_percent": 44.0
    },
    {
      "period": "q4_2018",
      "debtor_days": 74.0,
      "inventory_days": null,
      "days_payable": null,
      "cash_conversion_cycle": 74.0,
      "working_capital_days": 61.0,
      "roce_percent": 39.0
    },
    {
      "period": "q4_2019",
      "debtor_days": 68.0,
      "inventory_days": null,
      "days_payable": null,
      "cash_conversion_cycle": 68.0,
      "working_capital_days": 70.0,
      "roce_percent": 47.0
    },
    {
      "period": "q4_2020",
      "debtor_days": 71.0,
      "inventory_days": null,
      "days_payable": null,
      "cash_conversion_cycle": 71.0,
      "working_capital_days": 67.0,
      "roce_percent": 47.0
    },
    {
      "period": "q4_2021",
      "debtor_days": 67.0,
      "inventory_days": null,
      "days_payable": null,
      "cash_conversion_cycle": 67.0,
      "working_capital_days": 62.0,
      "roce_percent": 49.0
    },
    {
      "period": "q4_2022",
      "debtor_days": 80.0,
      "inventory_days": null,
      "days_payable": null,
      "cash_conversion_cycle": 80.0,
      "working_capital_days": 36.0,
      "roce_percent": 54.0
    },
    {
      "period": "q4_2023",
      "debtor_days": 81.0,
      "inventory_days": null,
      "days_payable": null,
      "cash_conversion_cycle": 81.0,
      "working_capital_days": 33.0,
      "roce_percent": 59.0
    },
    {
      "period": "q4_2024",
      "debtor_days": 81.0,
      "inventory_days": null,
      "days_payable": null,
      "cash_conversion_cycle": 81.0,
      "working_capital_days": 36.0,
      "roce_percent": 64.0
    },
    {
      "period": "q4_2025",
      "debtor_days": 84.0,
      "inventory_days": null,
      "days_payable": null,
      "cash_conversion_cycle": 84.0,
      "working_capital_days": 36.0,
      "roce_percent": 65.0
    }
  ],
  "shareholding": [
    {
      "period": "q1_2022",
      "promoters": 72.3,
      "fiis": 13.5,
      "diis": 8.36,
      "government": 0.05,
      "public": 5.8,
      "no_of_shareholders": 2502385.0
    },
    {
      "period": "q2_2022",
      "promoters": 72.3,
      "fiis": 13.05,
      "diis": 8.53,
      "government": 0.05,
      "public": 6.06,
      "no_of_shareholders": 2703966.0
    },
    {
      "period": "q3_2022",
      "promoters": 72.3,
      "fiis": 12.94,
      "diis": 9.25,
      "government": 0.05,
      "public": 5.45,
      "no_of_shareholders": 2556970.0
    },
    {
      "period": "q4_2023",
      "promoters": 72.3,
      "fiis": 12.72,
      "diis": 9.58,
      "government": 0.05,
      "public": 5.36,
      "no_of_shareholders": 2499384.0
    },
    {
      "period": "q1_2023",
      "promoters": 72.3,
      "fiis": 12.46,
      "diis": 9.8,
      "government": 0.05,
      "public": 5.38,
      "no_of_shareholders": 2502835.0
    },
    {
      "period": "q2_2023",
      "promoters": 72.3,
      "fiis": 12.47,
      "diis": 10.01,
      "government": 0.05,
      "public": 5.17,
      "no_of_shareholders": 2367003.0
    },
    {
      "period": "q3_2023",
      "promoters": 72.41,
      "fiis": 12.46,
      "diis": 10.03,
      "government": 0.05,
      "public": 5.03,
      "no_of_shareholders": 2336016.0
    },
    {
      "period": "q4_2024",
      "promoters": 71.77,
      "fiis": 12.7,
      "diis": 10.61,
      "government": 0.06,
      "public": 4.86,
      "no_of_shareholders": 2203209.0
    },
    {
      "period": "q1_2024",
      "promoters": 71.77,
      "fiis": 12.35,
      "diis": 11.0,
      "government": 0.06,
      "public": 4.82,
      "no_of_shareholders": 2181391.0
    },
    {
      "period": "q2_2024",
      "promoters": 71.77,
      "fiis": 12.66,
      "diis": 10.86,
      "government": 0.06,
      "public": 4.66,
      "no_of_shareholders": 2093962.0
    },
    {
      "period": "q3_2024",
      "promoters": 71.77,
      "fiis": 12.68,
      "diis": 10.86,
      "government": 0.06,
      "public": 4.63,
      "no_of_shareholders": 2075117.0
    },
    {
      "period": "q4_2025",
      "promoters": 71.77,
      "fiis": 12.04,
      "diis": 11.49,
      "government": 0.06,
      "public": 4.63,
      "no_of_shareholders": 2115093.0
    }
  ]
}
